{"e":"depthUpdate","E":1717315608642,"s":"BTCUSDT","U":47556464154,"u":47556464195,"b":[["67757.27000000","1.79990000"],["67736.87000000","0.00020000"],["67716.84000000","3.24076000"],["67657.27000000","0.00000000"],["67079.70000000","0.00000000"],["62326.32000000","0.00000000"],["54205.82000000","0.00012000"],["33000.00000000","10.75769000"]],"a":[["67757.28000000","6.79426000"],["67757.33000000","0.29537000"],["67758.25000000","0.00000000"],["67766.92000000","0.15003000"],["67768.16000000","0.19552000"],["67776.82000000","0.29528000"],["67778.37000000","0.00000000"],["67780.71000000","0.61913000"],["67781.33000000","0.00000000"],["67795.85000000","0.18018000"],["67800.93000000","0.00000000"],["67844.11000000","0.00000000"],["67844.99000000","0.00000000"],["67846.21000000","0.29479000"],["67857.28000000","0.02000000"],["67863.65000000","0.08451000"],["67870.12000000","0.00000000"],["67871.22000000","0.00000000"],["67893.69000000","0.59063000"],["67895.51000000","0.17505000"],["67923.08000000","0.00000000"]]}
{"e":"depthUpdate","E":1717315609642,"s":"BTCUSDT","U":47556464196,"u":47556464231,"b":[["67757.27000000","1.79974000"],["67749.08000000","0.00000000"],["67720.64000000","0.35880000"],["67700.69000000","0.00000000"],["67676.70000000","0.01600000"],["67366.25000000","0.00591000"],["67366.24000000","0.00000000"],["67316.16000000","0.00369000"],["67316.15000000","0.00000000"],["67215.20000000","0.00014000"],["67079.70000000","0.00000000"],["60981.00000000","0.03032000"],["54205.82000000","0.00012000"],["33000.00000000","10.75769000"]],"a":[["67777.71000000","0.08000000"],["67780.71000000","0.22152000"],["67780.72000000","0.00000000"],["67784.53000000","0.00000000"],["67816.54000000","0.00000000"],["67820.85000000","0.00000000"],["67836.24000000","0.05947000"],["68019.99000000","0.00000000"],["68020.00000000","0.06891000"]]}
{"e":"depthUpdate","E":1717315610642,"s":"BTCUSDT","U":47556464232,"u":47556464295,"b":[["67757.27000000","1.79946000"],["67749.15000000","0.00000000"],["67746.00000000","0.22536000"],["67729.52000000","0.09306000"],["67726.38000000","0.00000000"],["67724.52000000","0.00000000"],["67720.64000000","0.00000000"],["67718.94000000","0.08818000"],["67717.61000000","0.35808000"],["67716.84000000","0.00000000"],["67716.83000000","0.00000000"],["67716.40000000","0.00016000"],["67716.02000000","5.51894000"],["67712.94000000","0.00000000"],["67712.22000000","0.00055000"],["67701.14000000","0.01600000"],["67689.48000000","0.00000000"],["67689.46000000","0.00060000"],["67676.70000000","0.00000000"],["67657.27000000","0.01000000"],["67079.70000000","0.00000000"],["67057.60000000","0.00000000"],["54205.82000000","0.00012000"],["33000.00000000","10.75769000"]],"a":[["67757.28000000","6.79087000"],["67757.88000000","0.27210000"],["67759.32000000","0.56700000"],["67765.14000000","0.00040000"],["67765.18000000","0.00000000"],["67766.12000000","0.00000000"],["67780.08000000","1.03416000"],["67780.71000000","0.00000000"],["67799.97000000","0.02917000"],["67823.32000000","0.00000000"],["67834.54000000","0.00118000"],["67841.32000000","0.00932000"],["67857.28000000","0.01000000"],["67892.79000000","0.33201000"]]}
{"e":"depthUpdate","E":1717315611642,"s":"BTCUSDT","U":47556464296,"u":47556464344,"b":[["67757.27000000","1.86773000"],["67749.34000000","0.30138000"],["67717.61000000","0.00000000"],["67716.40000000","0.00016000"],["67716.02000000","0.00000000"],["67657.27000000","0.01000000"],["67079.70000000","0.00000000"],["60981.00000000","0.03032000"],["54205.82000000","0.00012000"],["33000.00000000","10.75769000"]],"a":[["67757.28000000","6.78729000"],["67759.32000000","0.58600000"],["67765.27000000","0.12410000"],["67767.94000000","0.00000000"],["67773.48000000","0.09460000"],["67779.41000000","0.00000000"],["67779.99000000","0.62057000"],["67857.28000000","0.01000000"],["67976.92000000","0.00008000"],["68123.07000000","0.00008000"],["68269.23000000","0.00019000"],["68415.38000000","0.00008000"],["68561.53000000","0.00008000"],["68707.69000000","0.00008000"],["68853.84000000","0.00008000"],["69000.00000000","120.06943000"]]}
{"e":"depthUpdate","E":1717315612642,"s":"BTCUSDT","U":47556464345,"u":47556464386,"b":[["67757.27000000","1.86778000"],["67752.78000000","0.29892000"],["67733.51000000","0.00000000"],["67716.40000000","0.19478000"],["67689.46000000","0.00060000"],["67685.16000000","0.00000000"],["67684.61000000","0.00008000"],["67683.86000000","0.00203000"],["67657.27000000","0.00000000"],["67630.99000000","0.00000000"],["67629.69000000","0.00406000"],["67538.46000000","0.00038000"],["67392.30000000","0.00038000"],["67246.15000000","0.00008000"],["67147.50000000","0.00014000"],["67079.70000000","0.00000000"],["54205.82000000","0.00012000"],["33000.00000000","10.75769000"]],"a":[["67757.28000000","6.70978000"],["67759.32000000","0.59100000"],["67764.85000000","0.00000000"],["67765.06000000","0.00039000"],["67765.14000000","0.00000000"],["67791.55000000","0.00000000"],["67793.46000000","0.00203000"],["67795.85000000","0.00000000"],["67845.77000000","0.00000000"],["67848.19000000","0.00406000"],["68020.00000000","0.06522000"],["68020.01000000","0.00369000"]]}
{"e":"depthUpdate","E":1717315613642,"s":"BTCUSDT","U":47556464387,"u":47556464432,"b":[["67757.27000000","1.86755000"],["67756.82000000","0.00000000"],["67746.00000000","0.11129000"],["67716.40000000","3.30529000"],["67716.02000000","5.54895000"],["67682.74000000","0.07338000"],["67657.27000000","0.01000000"],["67644.28000000","0.00000000"],["67591.43000000","0.00000000"],["67314.65000000","0.00000000"],["67100.00000000","9.53598000"],["67079.70000000","0.00000000"],["62336.70000000","0.00017000"],["60981.00000000","0.03032000"],["54205.82000000","0.00012000"],["33000.00000000","10.75769000"]],"a":[["67757.28000000","5.38344000"],["67761.91000000","0.00000000"],["67766.92000000","0.00000000"],["67857.28000000","0.01000000"],["67991.18000000","0.00014000"]]}
{"e":"depthUpdate","E":1717315614642,"s":"BTCUSDT","U":47556464433,"u":47556464471,"b":[["67757.27000000","1.86674000"],["67752.00000000","0.17278000"],["67716.40000000","0.19478000"],["67716.02000000","0.00000000"],["67689.46000000","0.00060000"],["67668.09000000","0.18473000"],["67621.73000000","0.36971000"],["67314.65000000","0.00015000"],["67079.70000000","0.00000000"],["66989.90000000","0.00000000"],["62336.70000000","0.00000000"],["61700.39000000","0.00132000"],["54205.82000000","0.00012000"],["33000.00000000","10.75769000"]],"a":[["67757.28000000","4.64510000"],["67762.04000000","0.15083000"],["67764.74000000","0.09625000"],["67786.31000000","0.18208000"],["67857.28000000","0.01000000"]]}
{"e":"depthUpdate","E":1717315615642,"s":"BTCUSDT","U":47556464472,"u":47556464512,"b":[["67757.27000000","2.03540000"],["67750.63000000","0.00326000"],["67747.97000000","0.00000000"],["67716.40000000","3.30520000"],["67716.02000000","5.54895000"],["67689.58000000","0.29547000"],["67665.85000000","0.00000000"],["67657.27000000","0.00000000"],["67643.64000000","0.59134000"],["67613.00000000","0.01479000"],["67079.70000000","0.00014000"],["60981.00000000","0.03032000"],["54205.82000000","0.00012000"],["33000.00000000","10.75769000"]],"a":[["67757.28000000","3.92512000"],["67757.77000000","0.72000000"],["67764.72000000","0.00040000"],["67857.28000000","0.01000000"]]}
{"e":"depthUpdate","E":1717315616642,"s":"BTCUSDT","U":47556464513,"u":47556464550,"b":[["67757.27000000","1.88490000"],["67754.27000000","0.29800000"],["67749.34000000","0.00000000"],["67689.47000000","0.00060000"],["67689.39000000","0.00000000"],["67657.27000000","0.01000000"],["67079.70000000","0.00014000"],["60981.00000000","0.03032000"],["54205.82000000","0.00012000"],["33000.00000000","10.75769000"]],"a":[["67757.28000000","3.71992000"],["67759.32000000","0.64100000"],["67762.04000000","0.00000000"],["67763.50000000","0.00147000"],["67764.35000000","0.15120000"],["67764.85000000","0.00147000"],["67786.31000000","0.00210000"],["67857.28000000","0.01000000"]]}
{"e":"depthUpdate","E":1717315617642,"s":"BTCUSDT","U":47556464551,"u":47556464588,"b":[["67757.27000000","1.88649000"],["67755.60000000","0.24431000"],["67754.27000000","0.00000000"],["67747.93000000","0.00000000"],["67739.22000000","0.35954000"],["67713.23000000","0.00000000"],["67712.35000000","0.00000000"],["67683.43000000","0.00000000"],["67661.92000000","0.00000000"],["67657.27000000","0.00000000"],["67079.70000000","0.00014000"],["66922.20000000","0.00000000"],["60981.00000000","0.03032000"],["54205.82000000","0.00012000"],["33000.00000000","10.75769000"]],"a":[["67757.28000000","3.71992000"],["67776.20000000","0.00000000"],["67793.20000000","0.49588000"],["67793.21000000","0.82642000"],["67794.21000000","0.00000000"],["67796.37000000","0.18135000"],["67854.43000000","0.26256000"],["67854.45000000","0.00000000"],["67854.78000000","0.00000000"],["67857.28000000","0.02000000"],["68020.01000000","0.00000000"],["68068.58000000","0.00369000"]]}
{"e":"depthUpdate","E":1717315618642,"s":"BTCUSDT","U":47556464589,"u":47556464629,"b":[["67757.27000000","1.86099000"],["67756.73000000","0.00000000"],["67756.54000000","0.00000000"],["67754.53000000","0.30281000"],["67739.22000000","0.00000000"],["67729.76000000","0.00000000"],["67720.33000000","0.05239000"],["67719.30000000","0.00000000"],["67697.52000000","0.62434000"],["67683.09000000","0.62448000"],["67670.50000000","0.00000000"],["67669.21000000","0.37482000"],["67668.66000000","0.62461000"],["67657.27000000","0.00000000"],["67079.70000000","0.00014000"],["60981.00000000","0.03032000"],["54205.82000000","0.00012000"],["33000.00000000","10.75769000"]],"a":[["67757.28000000","3.70716000"],["67759.32000000","0.66100000"],["67776.17000000","0.01327000"],["67847.70000000","0.61221000"],["67857.28000000","0.01000000"],["67885.46000000","0.00000000"]]}
{"e":"depthUpdate","E":1717315619642,"s":"BTCUSDT","U":47556464630,"u":47556464677,"b":[["67757.27000000","1.68707000"],["67754.53000000","0.00000000"],["67752.78000000","0.00000000"],["67738.40000000","0.36144000"],["67730.83000000","0.00000000"],["67730.31000000","0.36773000"],["67729.56000000","1.05075000"],["67727.37000000","0.36011000"],["67716.40000000","0.19478000"],["67716.02000000","0.00000000"],["67657.27000000","0.01000000"],["67366.25000000","0.00000000"],["67366.19000000","0.00591000"],["67316.16000000","0.00000000"],["67316.10000000","0.00369000"],["67273.52000000","0.00000000"],["67079.70000000","0.00014000"],["67011.90000000","0.00014000"],["65836.69000000","0.01522000"],["62336.70000000","0.00000000"],["60981.00000000","0.03032000"],["54205.82000000","0.00012000"],["33000.00000000","10.75769000"]],"a":[["67757.28000000","4.07523000"],["67758.71000000","0.45052000"],["67759.32000000","0.81000000"],["67762.14000000","0.00147000"],["67764.72000000","0.00000000"],["67857.28000000","0.01000000"],["68109.84000000","0.00296000"],["68109.85000000","0.00000000"],["68132.71000000","0.00000000"]]}
